%@STRING(PRL="Phys. Rev. Lett.")
%@STRING(RMP="Rev. Mod. Phys.")

@article{nepsim,
   AUTHOR="Y. Luo and J. Yang and L. Bhuyan and L. Zhao",
   TITLE={{NePSim}: A Network Processor Simulator with Power Evaluation Framework},
   JOURNAL="IEEE Micro",
   MONTH= sept,
   YEAR="2004",
}

@article{bbn50gbps,
author = "{C. Patrick et al.}",
title = "{A 50Gbps IP Router}",
journal = "IEEE/ACM Trans. On Networking",
volume =6,
number =3,
pages= "237-248",
month=Jun,
year= 1998
}

@inproceedings{ancs06,
author ={P. Piyachon and Y. Luo},
title = {Efficient Memory Utilization on Network Processors for Deep Packet Inspection},
booktitle = {ACM Symposium on Architecture for Network and Communication Systems},
year = 2006,
month = dec,
address = {San Jose, CA}
}

@inproceedings{D2FA,
author ={S. Kumar and S. Dharmapurikar and P. Crowyley and J. Turner and F. Yu},
title = {Algorithms to Accelerate Multiple Regular Expression Matching for Deep Packet Inspection },
booktitle = {SIGCOMM},
year = 2006,
month = sep,
address = {Pisa, Italy}
}

@misc{rfc2401,
  author="S. Kent and R. Atkinson",
  title="{Security Architecture for the Internet Protocol}",
  series="Request for Comments",
  number="2401",
  howpublished="RFC 2401 (Proposed Standard)",
  publisher="IETF",
  organisation="Internet Engineering Task Force",
  year=1998,
  month=nov,
    note="Obsoleted by RFC 4301, updated by RFC 3168",
  url="http://www.ietf.org/rfc/rfc2401.txt",
}

@misc{rfc2460,
  author="S. Deering and R. Hinden",
  title="{Internet Protocol, Version 6 (IPv6) Specification}",
  series="Request for Comments",
  number="2460",
  howpublished="RFC 2460 (Draft Standard)",
  publisher="IETF",
  organisation="Internet Engineering Task Force",
  year=1998,
  month=dec,
    url="http://www.ietf.org/rfc/rfc2460.txt",
}


@misc{rfc4301,
  author="S. Kent and K. Seo",
  title="{Security Architecture for the Internet Protocol}",
  series="Request for Comments",
  number="4301",
  howpublished="RFC 4301 (Proposed Standard)",
  publisher="IETF",
  organisation="Internet Engineering Task Force",
  year=2005,
  month=dec,
    url="http://www.ietf.org/rfc/rfc4301.txt",
}

@misc{rfc4026,
  author="L. Andersson and T. Madsen",
  title="{Provider Provisioned Virtual Private Network (VPN) Terminology}",
  series="Request for Comments",
  number="4026",
  howpublished="RFC 4026 (Informational)",
  publisher="IETF",
  organisation="Internet Engineering Task Force",
  year=2005,
  month=mar,
    url="http://www.ietf.org/rfc/rfc4026.txt",
}

@misc{geni-overview,
  author="{Larry Peterson, John Wroclawski and et al.}",
  title="{Overview of the GENI Architecture, GDD-06-11, Draft 0.7}",
  year=2006,
  month=nov,
}

@misc{ixp2855,
  author="{Intel Corp.}",
  title="{Intel IXP2855 Network Processor Product Brief}",
  publisher="{Intel Corp.}",
  organisation="{Intel Corp.}",
  year=2005,
    url=""
}

@misc{ixp2400,
  author="{Intel Corp.}",
  title="{Intel IXP2400 Network Processor Product Brief}",
  publisher="{Intel Corp.}",
  organisation="{Intel Corp.}",
  year=2005,
    url=""
}

@misc{ixp2400prog,
  author="{Erik J. Johnson and Aaron R. Kunze}",
  title="{IXP2400/2800 Programming}",
  publisher="{Intel Press}",
  organisation="{Intel Corp.}",
  year=2003,
    url=""
}

@misc{PCIexpress,
  author="{PCI-SIG Association}",
  title="{PCI Express Base Specification 1.1}",
  publisher="{PCI-SIG Association}",
  organisation="{PCI-SIG Association}",
    url=""
}

@misc{ieee80211i,
  author="",
  title="{IEEE Standard 802.11i}",
  series="Standards",
  number="802.11i",
  howpublished="Standard",
  publisher="IEEE",
  year=2004,
  month=jul,
    note="",
  url="http://standards.ieee.org/getieee802/download/802.11i-2004.pdf"
}

@misc{CSI,
  author="Cyber Security Industry Alliance",
  title="{Data Security: Get the Facts}",
  series="",
  number="",
  howpublished="",
  publisher="Cyber Security Industry Alliance",
  year=2006,
  month=aug,
    note="",
  url=""
}

@misc{dos,
author = "Mindi McDowell",
title = "{Understanding Denial of Service, United States Computer Emergency Readiness Team, http://www.us-cert.gov/cas/tips/ST04-015.html}",
publisher = "{United States Computer Emergency Readiness Team}",
year = 2004,
url="http://www.us-cert.gov/cas/tips/ST04-015.html"
}

@article{phishing,
author = "T. Jagatic and N. Johnson and M. Jakobsson and F. Menczer",
title = "Social Phishing",
journal = "Communications of the ACM",
year = 2006
}

@misc{CSIISR,
  author="Cyber Security Industry Alliance",
  title="{National Agenda for Information Security in 2006}",
  series="",
  number="",
  howpublished="",
  publisher="Cyber Security Industry Alliance",
  year=2005,
  month=dec,
    note="",
  url=""
}

@misc{bittorrent,
  author="Bram Cohen",
  title="{Incentives Build Robustness in BitTorrent}",
  year=2003,
  month=may,
    note="",
  url="http://www.bittorrent.org/bittorrentecon.pdf"
}

@misc{geni,
  author="{Global Environment for Network Innovations}",
  title="{National Science Foundation, http://www.geni.net/}",
  year=2005,
  month=aug,
    note="",
  url="http://www.geni.net"
}

@misc{ONL,
  author="{Open Network Laboratory}",
  title="{Washington University in St. Louis, http://onl.arl.wustl.edu/}",
  year=2005,
  month=mar,
    note="",
  url="http://onl.arl.wustl.edu/"
}

@misc{Emulab,
  author="{Emulab : Network Emulation Testbed}",
  howpublished="\url{http://www.emulab.net/}",
}

@misc{PlanetLab,
  author="{PlanetLab: An open platform for developing, deploying, and accessing planetary-scale services}",
  title="{http://www.planet-lab.org/}",
  year=2002,
  month=jun,
    note="",
  url="http://www.planet-lab.org"
}

@misc{USRP,
  author="{The Universal Software Radio Peripheral}",
  title="{Ettus Research LLC, http://www.ettus.com/}",
  url="http://www.ettus.com"
}

@misc{youtube,
  author="Youtube",
  title="{http://www.youtube.com/}",
  url="http://www.youtube.com"
}

@misc{vonage,
  author="Vonage",
  title="{http://www.vonage.com/}",
  url="http://www.vonage.com"
}

@misc{cyclone,
  author="{Cyclone Microsystems}",
  title="{http://www.cyclone.com/}",
  url="http://www.cyclone.com"
}

@misc{iperf,
  author="Iperf",
  title="{http://dast.nlanr.net/Projects/Iperf/}",
  url="http://dast.nlanr.net/Projects/Iperf/"
}

@misc{tcpdump,
  author="Tcpdump and libpcap",
  title="{http://www.tcpdump.org/}",
  url="http://www.tcpdump.org/"
}

@misc{tcpreplay,
  author="Tcpreplay",
  title="{http://tcpreplay.synfin.net/}",
  url="http://tcpreplay.synfin.net/"
}

@misc{itoc_cdx,
  author="ITOC CDX 2009 datasets",
  title="{http://www.itoc.usma.edu/research/dataset/}",
  url="http://www.itoc.usma.edu/research/dataset/"
}

@misc{CAIDA,
 author = "{Cooperative Association for Internet Data Analysis (CAIDA)}",
 title = "http://www.caida.org/"
}

@misc{sFlow,
  author="{Peter Phaal and Marc Lavine}",
  title="{sFlow Version 5, http://www.sflow.org/}",
  year=2004,
  month=jul,
    note="",
  url="http://www.sflow.org/"
}

@misc{aes,
  author="{National Institute of Standards and Technology}",
  title="{Federal Information Processing Standards Publication 197, Specifications for the Advanced Encryption Standard (AES)}",
  year=2001,
  month=nov,
    note="",
  url="http://csrc.nist.gov/publications/fips/fips197/fips-197.pdf"
}

@misc{sha1,
  author="{National Institute of Standards and Technology}",
  title="{Federal Information Processing Standards Publication 180-1, Standard for Secure Hash Standard}",
  year=1995,
  month=apr,
    note="",
  url="http://csrc.nist.gov/publications/fips/fips180-1.htm"
}

@misc{des,
  author="{National Institute of Standards and Technology}",
  title="{Federal Information Processing Standards Publication 46-3, Specifications for the Data Encryption Standard (DES)}",
  year=1999,
  month=oct,
    note="",
  url="http://csrc.nist.gov/publications/fips/fips46-3/fips46-3.pdf"
}


@article{AC,
author = "{A. V. Aho and M. J. Corasick}",
title = "Efficient string matching: an aid to bibliographic search",
journal = "Communications of the ACM",
year = 1975,
volume = 18,
number = 6,
pages = "{333-340}"
}


@article{srivastava,
    author="V. Srivastava and M. Motani",
    title="Cross-Layer Design: A Survery and the Road Ahead",
    JOURNAL="IEEE Communications Magazine",
    YEAR="2005",
    VOLUME={43},
    NUMBER={12}
}

@article{sdr2000,
    author="SpectrumSignal Corp.",
    TITLE="Software Defined Radio for PCI/PCI-X flexComm SDR-2000 Platforms",
    address="http://www.spectrumsignal.com/products/pci-x/sdr_2000.asp"
}

@article{vanu,
    author="Vanu Inc.",
    TITLE="The Anywave Base Station",
    address="http://vanu.com/products/basestation.html"
}

@article{pentek,
    author="Pentek Inc.",
    TITLE="Model 2510 SCA Software Defined Radio Development Platform",
    address="http://www.pentek.com/products/detail.cfm?model=2510"
    }

@article{gnuradio,
    author="GNU",
    TITLE="The GNU Software Radio",
    address="http://www.gnu.org/software/gnuradio/"
    }

@article{calradio,
    author="{California Institute for Telecommunications and Information Technology}",
    TITLE="Cal Radio",
    address=""
    }

@article{bee2,
    author="Robert Brodersen, Chen Chang, John Wawrzynek, Dan Werthimer",
    TITLE="BEE2: A Multi-Purpose Computing Platform for Radio Telescope Signal Processing Applications"
    }

@article{ics554,
    author="{ICS Ltd.}",
    TITLE="ICS-554: 4-Channel, 105 MHz/Ch., ADC PMC Module with DDCs, Xilinx FPGA and PCI 64/66 Interface",
    address="http://www.ics-ltd.com/info/productInfo.cfm?prodID=10"
    }

 @InProceedings{spliceNP,
  author = 	 {L. Zhao, Y. Luo, L. Bhuyan and R. Iyer},
  title = 	  {SpliceNP: A TCP Splicer using a Network Processor},
  booktitle = {ACM Symposium on Architecture for Networking and Communications Systems},
  OPTyear = 	 {2005},
  OPTorganization = {},
  OPTpublisher = {ACM}
}

@misc{ snort,
  author = "Sourcefire",
  title = "Snort",
  year = "2003",
  note = {http://www.snort.org/},
  url = "www.snort.org" }

@InProceedings{unwired-ucla,
  author =       {W. Zhu and D. Browne and M. Fitz},
  title =        {An Open Access Wideband Mult-Antenna Wireless Testbed with Remote Control Capability},
  booktitle = {Proc. First Intl. Conf. Testbeds and Research Infrastructures for the Development of Networks and Communities},
  OPTyear =      {2005},
  OPTpublisher = {TRIDENTCOM'05}
}

@Article{SharmaVT,
  author =       {P.Sharma and K. Chandra},
  title =        {Predictive {M}odels for {R}ayleigh {F}ading {C}hannels},
  journal =      {To appear in IEEE Transactions on Vehicular Technology},
  year  =        {2007}
}

@InProceedings{psharma01,
  author =       {P. Sharma, P. Sachetta, C. Thompson and K. Chandra},
  title =        {Channel Models for Indoor Wireless Transmission},
  booktitle = {Proc. IEEE Intl. Conf. on 3G Wireless and Beyond},
  pages =        {48-53},
  year =         {2001}
}



@InProceedings{unwired_ucla,
  author =       {W. Zhu and D. Browne and M. Fitz},
  title =        {An Open Access Wideband Multi-Antenna Wireless Testbed with Remote Control Capability},
  booktitle = {Proc. 1st Intl. Conf. Testbeds and Research Infrastructure},
  year =         {2005},
  organization = {TRIDENT'05}
}

@MastersThesis{denis04,
  author =       {M. Denis},
  title =        {A Model for Indoor Wireless Channels},
  school =       {Univ. of Massachusetts Lowell},
  year =         {2004}
}

@InProceedings{deniswcnc04,
  author =       {M. Denis and V.Vasudevan and K. Chandra and C. Thompson},
  title =        {Spatial Correlation in Indoor Wireless Channels},
  booktitle = {Wireless Communications and Networking Conf.},
  pages =        {1850-1855},
  year =         {2004},
  volume =       {3},
  month =        {March},
  organization = {IEEE}
}


@Article{dca_ip_heur_04,
  author =       {K. Daniels and K. Chandra and S. Liu and S. Widhani},
  title =        {Dynamic Channel Assignment with Cumulative Cochannel Interference},
  journal =      {ACM SigMobile Mobile Communications and Computing Review},
  year =         {2004},
  volume =  {9},
  pages = {4-18}
}

@InProceedings{kcmil05,
  author =       {M. Raspopovic and C. Thompson and K. Chandra},
  title =        {Performance models for wireless spectrum shared by wideband and narrowband channels},
   booktitle = {Proc. MILCOM'05},
   year =        {2005}
}

@InProceedings{kcmil06,
  author =       {S. Keshavamurthy and K. Chandra},
  title =        {Multiplexing analysis for spectrum sharing},
   booktitle = {Proc. MILCOM'05},
   year =        {2005}
}

@inproceedings{ancs05,
author = {Li Zhao and Yan Luo and Laxmi Bhuyan and Ravi Iyer},
title = {{SpliceNP}: A {TCP} Splicer using Network Processors},
booktitle = {ACM Symposium on Architecture for Networking and Communications Systems},
address = {Princeton, NJ},
year = 2005,
month = oct
}

@InProceedings{glbcom05,
author = {Jingnan Yao and Yan Luo and Laxmi Bhuyan and Ravi Iyer},
title = {Optimal Network Processor Topologies for Efficient Packet Processing},
booktitle = {IEEE Globecom},
address = {St. Louis, MO},
year = 2005,
month = nov
}

@InProceedings{hoti05,
author = {Li Zhao and Yan Luo and Laxmi Bhuyan and Ravi Iyer},
title = {Implementation and Design of A Content-aware Switch Using A Network Processor},
booktitle = {IEEE Symposium on High Performance Interconnects},
address = {Palo Alto, CA},
year = 2005,
month = aug
}

@InProceedings{dac05,
author = {Yan Luo and Jia Yu and Jun Yang and Laxmi Bhuyan},
title = {Low Power Network Processor Design Using Clock Gating},
booktitle = {IEEE/ACM Design Automation Conference},
address = {Ahaheim, CA},
year = 2005,
month = jun
}

@InProceedings{date04,
author = {Xi Chen and Yan Luo and Harry Hsieh and Laxmi Bhuyan and Felice Balarin},
title = "{Utilizing Formal Assertions for System Design of Network Processors}",
booktitle = {Design Forum, Design Automation and Test in Europe (DATE)},
year = 2004
}

% added for nsf_cri09

@article{ntp,
author = {D. Mills},
title = {Internet time synchronization: the network time protocol},
journal = {IEEE Trans. Communications},
vol = 39,
number = 10,
pages = {1482–1493},
month = Oct,
year = 1991
}

@Article{ veitch_ToN,
 author = {Darryl Veitch and Julien Ridoux and Satish Babu Korada},
 journal = {IEEE/ACM Trans. on Networking},
 month = {April},
 number = {2},
 pages = {417-430},
 title = {Robust Synchronization of Absolute and Difference Clocks over Networks},
 url = {http://www.cubinlab.ee.unimelb.edu.au/~darryl/Publications/synch_ToN.pdf},
 volume = {17},
 year = {2009}
}

@inproceedings{luo-ancs08,
author = {Yan Luo and Ke Xiang and Sanping Li},
title = {Acceleration of Decision Tree Searching for IP Traffic Classification},
booktitle = {ACM Symposium on Architecture for Networking and Communications Systems},
address = {San Jose, CA},
year = 2008,
month = nov
}

@inproceedings{luo-icc09,
author = {Yan Luo and Ke Xiang and Jie Fan and Chunhui Zhang},
title = {Distributed Intrusion Detection with Intelligent Network Interfaces for Future Networks},
booktitle = {IEEE International Conference on Communications, Dresden},
address = {Dresden, Germany},
year = 2009,
month = jun
}

@inproceedings{li-icc09,
author = {Sanping Li and Yan Luo},
title = {Discernibility Analysis and Accuracy Improvement of Machine Learning Algorithms for Network Intrusion Detection},
booktitle = {IEEE International Conference on Communications, Dresden},
address = {Dresden, Germany},
year = 2009,
month = jun
}

@misc{nfp3200,
  author = {{Netronome Systems}},
  title = "NFP-3200 Network Flow Processor Product Brief",
  year = "2009",
  url = "www.netronome.com" }

@misc{octeon,
  author = {{Cavium Networks}},
  title = "OCTEON Multi-core Processor Family",
  year = "2009",
  url = "http://www.caviumnetworks.com/OCTEON_MIPS64.html" }

@misc{quantumflow,
  author = {{Cisco Systems}},
  title = "The {Cisco} {QuantumFlow} Processor: {Cisco}'s Next Generation Network Processor",
  year = "2008",
  url = "http://www.cisco.com/en/US/prod/collateral/routers/ps9343/solution_overview_c22-448936.pdf" }

@misc{xlp832,
  author = {{RMI Corp.}},
  title = "XLP832: Multi-core Superscalar Communication Processor",
  year = "2008",
  url = "http://www.rmicorp.com/products/xlp.htm"
}

@inproceedings{piyachon06,
        Address = {San Jose, CA},
        Author = {P. Piyachon and Y. Luo},
        Booktitle = {ACM Symposium on Architecture for Network and Communication Systems},
        Month = dec,
        Title = {Efficient Memory Utilization on Network Processors for Deep Packet Inspection},
        Year = 2006}

@inproceedings{piyachon07,
        Address = {San Diego, CA},
        Author = {P. Piyachon and Y. Luo},
        Booktitle = {IEEE/ACM Design Automation Conference (DAC)},
        Month = jun,
        Title = {Compact State Machines for High Performance Pattern Matching},
        Year = 2007}


@inproceedings{piyachon08,
        Address = {Anaheim, CA},
        Author = {P. Piyachon and Y. Luo},
        Booktitle = {IEEE/ACM Design Automation Conference (DAC)},
        Month = jun,
        Title = {Design of High Performance Pattern Matching Engine Through Compact Deterministic Finite Automata},
        Year = 2008}

@inproceedings{luo-icccn08,
 author = {Yan Luo and Chunhui Zhang},
 title = {The Design of A Programmable Network Edge Node with Hybrid Multi-core Processors for Virtual Networks},
 booktitle = {IEEE International Conference on Computer Communications and Network},
 address = {St Thomas, USVI},
 year = 2008,
 month = Aug
}

@inproceedings{zerocopy,
 author = {Ulrich Drepper},
 title = {The Need for Asynchronous, Zero-Copy Network {I/O}, Problems and Possible Solutions},
 booktitle = {Proceedings of Linux Symposium},
 address = {},
 year = 2006
}

@misc{openflow_wp,
 Author = {N. Mckeown et al.},
 Title = {{OpenFlow: Enabling Innovations in College Networks}},
 howpublished = {\url{http://www.openflowswitch.org/}}
}

@inproceedings{hayes07,
        Address = {Orlando, FL},
        Author = {Chris Hayes and Yan Luo},
        Booktitle = {ACM/IEEE ANCS 2007},
        Title = {DPICO: A High Speed Deep Packet Inspection Engine using Compact Finite  Automata},
        Year = {2007}}


@inproceedings{yan09,
 author = {Bo Yan and Guanling Chen},
 title = {Model-Based Fault Diagnosis for {IEEE 802.11 Wireless LANs}},
 booktitle = {International Conference on Mobile and Ubiquitous Systems: Computing, Networking and Services (MobiQuitous) },
 year = 2009
}

@inproceedings{song09,
 author = {Yuan Song and Xian Chen and Yoo-Ah Kim and Bing Wang and Guanling Chen},
 title = {Sniffer Channel Selection for Monitoring Wireless LANs},
 booktitle = { International Conference on Proceedings of Wireless Algorithms, Systems, and Applications (WASA)},
 address = {Boston, MA},
 month = Aug,
 year =  2009
}

@article{xia09,
 author = {Tian Xia and Donghui Zhang and Zheng Fang and Jie Wang},
 title = {Subspace skyline query processing with efficient update support},
 journal = {ACM Transactions on Database Systems},
 year = {2009, Submitted}
}

@misc{luo-pen-qsr,
 Author = {Yan Luo et al.},
 Title = {Design and Implementation of A Programmable Edge Node with Multi-core x86 and Network Processors, Design Documents and Progress Reports},
 howpublished = {Available at \url{http://groups.geni.net/geni/wiki/ProgrammableEdgeNode}}
}

@misc{luo-gec3,
 Author = {Yan Luo et al.},
 Title = {Programmable Edge Node with Hybrid Multi-core Processors},
 address = {3rd GENI Engineering Conference, Palo Alto, CA},
 howpublished = {Presented at 3rd GENI Engineering Conference, \url{http://groups.geni.net/geni/wiki/presentations}},
 month = oct,
 year = 2008
}

@misc{grama03,
  author="A. Grama and A. Gupta and G. Karypis and V. Kumar",
  title="{Introduction to Parallel Computing, 2nd Ed.}",
  series="",
  number="",
  howpublished="",
  publisher="Addison Wesley",
  year=2003
}

@inproceedings{noonan06,
        Address = {San Jose, CA},
        Author = {Liam Noonan and Colin Flanagan},
        Booktitle = {ACM/IEEE ANCS 2006},
        Title = {An effective network processor design framework: using multi-objective evolutionary algorithms and object oriented techniques to optimise the intel IXP1200 network processor},
        Year = {2006},
        month = dec}

@InProceedings{huang08,
	author =	{Huang, Song and Luo, Yan and Feng, Wu-chun},
	title = 	"{Modeling and Analysis of Power in Multicore Network Processors}",
	booktitle =	{4th IEEE Workshop on High-Performance, Power-Aware Computing (in conjunction with the 22nd International Parallel \& Distributed Processing Symposium)},
	address =	{Miami, Florida, USA},
	month =	{April},
	year =	{2008},
}

@misc{ixa-summit04,
  title = "{Intel IXA Education Summit 2004}",
  howpublished = {http://www.ixaedu.com/events/EducationSummit2004/},
  year = 2004,
  month = sep
}

@inproceedings{luo02,
  author = {Yan Luo and Li Zhao and Laxmi Bhuyan and Walid Najjar},
  title = "{Evaluating the Impact of Architectural Features on Communication Benchmarks}",
  booktitle = {Communications in Computing},
  address = {Nevada, USA},
  month = Jun,
  year = 2002
}

@article{luo03,
 author = {Yan Luo and Laxmi Bhuyan and Xi Chen},
 title = {Shared Memory Multiprocessor Architectures for Software IP Routers},
 journal = {IEEE Transactions on Parallel and Distributed Systems},
 year = 2003,
 volume = 14,
 number = 12
}

@techreport{luo07-spam-tr,
        Author = {Y. Luo and J. Fan},
        Date-Modified = {2008-07-04 20:09:01 -0400},
        Institution = {University of Massachusetts Lowell, Electrical and Computer Engineering Department},
        Note = {http://cans.uml.edu/index.php?n=Main.Publications},
        Title = {{Workload Characterization of Email Filtering Systems}},
        Year = {2007}
}

@misc{nfei8000,
        Author = {{Netronome}},
        Note = {http://www.netronome.com/},
        Organisation = {{Netronome Systems, Inc.}},
        Publisher = {{Netronome Systems, Inc.}},
        Title = {{Product Brief - NFE-i8000 Network Acceleration Card}},
        Url = {http://www.netronome.com/},
        Year = 2006,
        Bdsk-Url-1 = {http://www.netronome.com/}}


@inproceedings{netfpga,
  title = {NetFPGA: A Tool for Network Research and Education},
  author = {Greg Watson and Nick McKeown and Martin Casado},
  booktitle = {2nd Workshop on Architecture Research using FPGA Platforms (WARFP)},
  month = Feb,
  year = 2006
}

@inproceedings{gupta99,
  author = {P. Gupta and N. McKeown},
  title = {“Packet Classification using Hierarchical Intelligent Cuttings”},
  booktitle = {Hot Interconnects VII},
  month = Aug,
  year = 1999
}

@inproceedings{baboescu01,
  author = {F. Baboescu and G. Varghese},
  title = {“Scalable Packet Classification”},
  booktitle = {ACM Sigcomm},
  month = Aug,
  year = 2001
}

@inproceedings{baboescu03,
  author = {Florin Baboescu and Sumeet Singh and George Varghese},
  title = {Packet Classification for Core Routers: Is There an Alternative to CAMs?},
  booktitle = {Proceedings of the IEEE Infocom Conference},
  address = {San Francisco, CA},
  month = Apr,
  year = 2003
}

@inproceedings{singh03,
  author = {Sumeet Singh and Florin Baboescu and George Varghese and Jia Wang},
  title = {Packet Classification Using Multidimensional Cuts},
  booktitle = {Proceedings of the ACM SIGCOMM Conference},
  address = {Karlsruhe, Germany},
  month = Aug,
  year = 2003
}

@article{yu05,
author = {Fang Yu and Randy H. Katz and T.V. Lakshman},
title = {Efficient Multimatch Packet Classification and Lookup with TCAM},
journal ={IEEE Micro},
volume = {25},
number = {1},
issn = {0272-1732},
year = {2005},
pages = {50-59},
doi = {http://doi.ieeecomputersociety.org/10.1109/MM.2005.8},
publisher = {IEEE Computer Society},
address = {Los Alamitos, CA, USA},
}

@inproceedings{luo-dpdns08,
  author = {Yan Luo and Jie Fan},
  title = {Fault Tolerant Practices on Network Processors for Dependable Network Processing},
  booktitle = {13th IEEE Workshop on Dependable Parallel, Distributed and Network-Centric Systems, in conjunction with IPDPS'08},
  address = {Miami, FL},
  month = Apr,
  year = 2008
}

@inproceedings{kumar05,
title = {A Data Streaming Algorithm for Estimating Subpopulation Flow Size Distribution},
author = {Abhishek Kumar and Minho Sung and Jun Xu and Ellen W. Zegura},
booktitle = {Proc. of ACM SIGMETRICS},
note = {to appear},
month = Jun,
year = 2005
}

@misc{bashor09-berkey-news,
        Author = {Jon Bashor},
        Note = {http://newscenter.lbl.gov/press-releases/2009/08/10/esnet/},
        Organisation = {{Lawrence Berkeley National Laboratory}},
        Publisher = {{Lawrence Berkeley National Laboratory}},
        Title = {{Berkeley Lab’s ESnet Receives \$62 Million to Develop World’s Fastest Computer Network}},
        Url = {http://newscenter.lbl.gov/press-releases/2009/08/10/esnet/},
        Year = 2009,
        month = aug,
        Bdsk-Url-1 = {http://newscenter.lbl.gov/press-releases/2009/08/10/esnet/}}

@inproceedings{perfsonar,
  author = {Hanemann, A. and Boote, J. W. and Boyd, E. L. and Durand, J. and Kudarimoti, L. and Lapacz, R. and Swany, D. M. and Zurawski, J. and Trocha, S.},
  title = {"PerfSONAR: A Service Oriented Architecture for Multi-Domain Network Monitoring"},
  booktitle = {Proceedings of the Third International Conference on Service Oriented Computing},
  address = {Amsterdam, The Netherlands},
  month = Dec,
  year = 2005
}

@article{bro,
  author = {V. Paxson},
  title = {Bro: A System for Detecting Network Intruders in Real-Time},
  journal = {Computer Networks},
  volume = 31,
  number = {23-24},
  pages =  {2435-2463},
   day = 14,
  month = Dec,
  year = 1999
}

@misc{mloss,
        Author = {Open Source Contributors},
        Note = {http://mloss.org/software/},
        Organisation = {{Machine Learning Open Source Software}},
        Publisher = {{Machine Learning Open Source Software}},
        Title = {{Machine Learning Open Source Software}},
        Url = {http://mloss.org/software/},
        Year = 2009
}

@misc{oprofile,
        Author = {Open Source Contributors},
        Note = {http://oprofile.sourceforge.net/},
        Organisation = {{}},
        Publisher = {{}},
        Title = {{OProfile - A System Profiler for Linux}},
        Url = {http://oprofile.sourceforge.net/},
        Year = 2009
}

@misc{dag,
        Author = {Endace},
        Note = {http://www.endace.com/dag-network-monitoring-cards.html},
        Organisation = {{}},
        Publisher = {{}},
        Title = {{DAG Network Cards}},
        Url = {http://www.endace.com/dag-network-monitoring-cards.html},
        Year = 2009
}

@misc{umlpen,
        Author = {Yan Luo},
        Note = {http://cans.uml.edu/index.php?n=Research.PEN},
        Organisation = {{UMass Lowell}},
        Publisher = {{}},
        Title = {{UMass Lowell Programmable Edge Node for GENI}},
        Url = {http://cans.uml.edu/index.php?n=Research.PEN},
        Year = 2009
}

%% for NAS'10 paper
@inproceedings{veal07,
author = {Bryan Veal and Annie Foong},
title = {Performance Scalability of a Multi-Core Web Server},
booktitle = {ACM Symposium on Architecture for Networking and Communications Systems},
address = {Orlando, FL},
year = 2007,
month = dec
}

@inproceedings{guo-ancs08,
author = {Danhua Guo and Guangdeng Liao and Laxmi Bhuyan and Bin Liu and Jason Ding },
title = {A Scalable Multithreaded L7-filter Design for Multi-Core Servers },
booktitle = {ACM Symposium on Architecture for Networking and Communications Systems},
address = {San Jose, CA},
year = 2008,
month = nov
}

@inproceedings{guo-ancs09,
author = {Danhua Guo and Guangdeng Liao and Laxmi Bhuyan and Bin Liu },
title = {An Adaptive Hash-Based Multilayer Scheduler for L7-Filter on a Highly Threaded Hierarchical Multi-Core Server},
booktitle = {ACM Symposium on Architecture for Networking and Communications Systems},
address = {Princeton, NJ},
year = 2009,
month = dec
}

% for infocom11-vne-rw paper
@article{anderson2005overcoming,
  title={{Overcoming the Internet impasse through virtualization}},
  author={Anderson, T. and Peterson, L. and Shenker, S. and Turner, J.},
  journal={Computer},
  volume={38},
  number={4},
  pages={34--41},
  year={2005}
}

@conference{turner2005diversifying,
  title={{Diversifying the internet}},
  author={Turner, JS and Taylor, DE},
  booktitle={IEEE Global Telecommunications Conference, 2005. GLOBECOM'05},
  volume={2}
}

@article{feamster2007lease,
  title={{How to lease the Internet in your spare time}},
  author={Feamster, N. and Gao, L. and Rexford, J.},
  journal={ACM SIGCOMM Computer Communication Review},
  volume={37},
  number={1},
  pages={64},
  year={2007},
  publisher={ACM}
}

@article{chowdhury2009network,
  title={{Network virtualization: state of the art and research challenges}},
  author={Chowdhury, N.M.M.K. and Boutaba, R.},
  journal={IEEE Communications magazine},
  volume={47},
  number={7},
  pages={20--26},
  year={2009},
  publisher={Institute of Electrical and Electronics Engineers Inc., The}
}

@unpublished{Andersen:nodes2002,
   author = {David G. Andersen},
   title = {Theoretical Approaches to Node Assignment},
   month = dec,
   year = {2002},
   note = {Unpublished Manuscript}
}

@conference{fan2006dynamic,
  title={{Dynamic topology configuration in service overlay networks: A study of reconfiguration policies}},
  author={Fan, J. and Ammar, M.},
  booktitle={Proc. IEEE INFOCOM},
  year={2006}
}
@conference{zhu2006algorithms,
  title={{Algorithms for assigning substrate network resources to virtual network components}},
  author={Zhu, Y. and Ammar, M.},
  booktitle={Proc. IEEE INFOCOM},
  year={2006}
}
@article{lu2006efficient,
  title={{Efficient mapping of virtual networks onto a shared substrate}},
  author={Lu, J. and Turner, J.},
  journal={Department of Computer Science and Engineering, Washington University in St. Louis, Technical Report WUCSE-2006},
  volume={35},
  year={2006}
}
@conference{houidi2008distributed,
  title={{A distributed virtual network mapping algorithm}},
  author={Houidi, I. and Louati, W. and Zeghlache, D.},
  booktitle={Proceedings of IEEE ICC},
  pages={5634--5640},
  year={2008}
}

@conference{he2008davinci,
  title={{Davinci: Dynamically adaptive virtual networks for a customized internet}},
  author={He, J. and Zhang-Shen, R. and Li, Y. and Lee, C.Y. and Rexford, J. and Chiang, M.},
  booktitle={Proceedings of the 2008 ACM CoNEXT Conference},
  pages={1--12},
  year={2008},
  organization={ACM}
}

@article{yu2008rethinking,
  title={{Rethinking virtual network embedding: Substrate support for path splitting and migration}},
  author={Yu, M. and Yi, Y. and Rexford, J. and Chiang, M. and others},
  journal={COMPUTER COMMUNICATION REVIEW},
  volume={38},
  number={2},
  pages={17},
  year={2008}
}
@conference{gupta2001provisioning,
  title={{Provisioning a virtual private network: A network design problem for multicommodity flow}},
  author={Gupta, A. and Kleinberg, J. and Kumar, A. and Rastogi, R. and Yener, B.},
  booktitle={Proceedings of the thirty-third annual ACM symposium on Theory of computing},
  pages={389--398},
  year={2001},
  organization={ACM New York, NY, USA}
}
@article{ricci2003solver,
  title={{A solver for the network testbed mapping problem}},
  author={Ricci, R. and Alfeld, C. and Lepreau, J.},
  journal={ACM SIGCOMM Computer Communication Review},
  volume={33},
  number={2},
  pages={81},
  year={2003},
  publisher={ACM}
}
@conference{chowdhury2009virtual,
  title={{Virtual network embedding with coordinated node and link mapping}},
  author={Chowdhury, N.M.M.K. and Rahman, M.R. and Boutaba, R.},
  booktitle={IEEE INFOCOM},
  year={2009}
}
@conference{lischka2009virtual,
  title={{A virtual network mapping algorithm based on subgraph isomorphism detection}},
  author={Lischka, J. and Karl, H.},
  booktitle={Proceedings of the 1st ACM workshop on Virtualized infrastructure systems and architectures},
  pages={81--88},
  year={2009},
  organization={ACM}
}
@article{page1998pagerank,
  title={{The pagerank citation ranking: Bringing order to the web}},
  author={Page, L. and Brin, S. and Motwani, R. and Winograd, T.},
  year={1998},
  journal={Technical report, Stanford Digital Library Technologies Project}
}
@article{diligenti2004unified,
  title={{A unified probabilistic framework for web page scoring systems}},
  author={Diligenti, M. and Gori, M. and Maggini, M. and di Ingegneria dell'Informazione, D.},
  journal={IEEE Transactions on knowledge and data engineering},
  volume={16},
  number={1},
  pages={4--16},
  year={2004}
}
@article{gori2005exact,
  title={{Exact and approximate graph matching using random walks}},
  author={Gori, M. and Maggini, M. and Sarti, L.},
  journal={IEEE Transactions on Pattern Analysis and Machine Intelligence},
  volume={27},
  number={7},
  pages={1100--1111},
  year={2005}
}
@conference{szeto2003multi,
  title={{A multi-commodity flow based approach to virtual network resource allocation}},
  author={Szeto, W. and Iraqi, Y. and Boutaba, R.},
  booktitle={Proc. GLOBECOM: IEEE Global Telecommunications Conference},
  year={2003}
}
@article{bianchini2005inside,
  title={{Inside pagerank}},
  author={Bianchini, M. and Gori, M. and Scarselli, F.},
  journal={ACM Transactions on Internet Technology (TOIT)},
  volume={5},
  number={1},
  pages={92--128},
  year={2005},
  publisher={ACM}
}
@inproceedings{eppstein1994finding,
  title={{Finding the k shortest paths}},
  author={Eppstein, D.},
  booktitle={Proc. of IEEE Symposium on Foundations of Computer Science},
  year={1994},
  publisher={IEEE Comput. Soc. Press}
}
@book{ahuja1993network,
  title={{Network flows: theory, algorithms, and applications}},
  author={Ahuja, R.K. and Magnanti, T.L. and Orlin, J.B. and Weihe, K.},
  year={1993},
  publisher={Prentice hall Englewood Cliffs, NJ}
}
@misc{vne_yu_simulator,
  title="{VNE Simulator}",
  url={http://www.cs.princeton.edu/~minlanyu/embed.tar.gz}
}
@misc{vne_bupt_rw_simulator,
  title="{VNE-RW Simulator}",
  url={http://int.bupt.edu.cn/~sensu/vne-rw.html}
}


@conference{cordella2001improved,
  title={{An improved algorithm for matching large graphs}},
  author={Cordella, L.P. and Foggia, P. and Sansone, C. and Vento, M.},
  booktitle={3rd IAPR-TC15 Workshop on Graph-based Representations in Pattern Recognition},
  pages={149--159},
  year={2001}
}



@article{schmidt76,
  author = {D. C. Schmidt and L. E. Druffel},
  title = {{A Fast Backtracking Algorithm for Test Directed Graphs for Isomorphism}},
  journal = {Journal of the Assoc. for Computing Machinery},
  number =  23,
  pages = {433-445},
  year = 1976
}

@article{ullmann76,
  author = {J. R. Ullmann},
  title = {{An Algorithm for Subgraph Isomorphism}},
  journal = {Journal of the Assoc. for Computing Machinery},
  number = 23,
  pages ={ 31-42},
  year = 1976
}

%%%%% socworkshop11 %%%%%%%%%

@inproceedings{commbench,
   author    = {Tilman Wolf and Franklin, Mark A.},
   title     = {{CommBench} - A Telecommunications Benchmark for Network Processors},
   booktitle = {Proc. of IEEE International Symposium on Performance Analysis of Systems and Software (ISPASS)},
   year      = 2000,
   month     = apr,
   address   = {Austin, TX},
   pages     = {154--162}
 }

@inproceedings{mibench,
 title = {MiBench: A free, commercially representative embedded benchmark suite},
 author = { Matthew R. Guthaus and Jeffrey S. Ringenberg and Dan Ernst and Todd M. Austin and Trevor Mudge and Richard B. Brown}, 
 booktitle = {IEEE 4th Annual Workshop on Workload Characterization}, 
 address = {Austin, TX}, 
 month  =Dec,
 year = 2001
}

@misc{nano,
 title = {VIA Nano processor},
 url = {http://www.via.com.tw/en/products/processors/nano/}
}
 
@misc{atom,
 title = {Intel Atom processor},
 url = {http://www.intel.com/technology/atom/}
}

@inproceedings{hamada09,
 author = {T. Hamada and K. Benkrid and K. Nitadori and M. Taiji}, 
 title = {A Comparative study on ASIC, FPGAs, GPUs and general purpose processors in the O($N^2$) gravitational N-body simulation}, 
 booktitle = {NASA/ESA Conference on Adaptive Hardware and Systems}, 
 year = 2009
}

@inproceedings{thomas09,
 author = {D. Thomas and L. Howes and W. Luk}, 
 title  = {A comparison of CPUs, GPUs, FPGAs and Massively Parallel Processor Arrays for Random Number Generation}, 
 booktitle = {ACM FPGA’09}
}

@inproceedings{brewer09,
 author = {Tony Brewer}, 
 title = {Instruction Set Innovations for Convey's HC-1 Computer}, 
 booktitle = {IEEE HotChips 2009}, 
 address = {Stanford University}
}

@article{gems,
 title = {Multifacet's General Execution-driven Multiprocessor Simulator (GEMS) Toolset},
 author = {Milo M.K. Martin and Daniel J. Sorin and Bradford M. Beckmann and Michael R. Marty and Min Xu and Alaa R. Alameldeen and Kevin E. Moore and Mark D. Hill and David A. Wood},
 journal = {Computer Architecture News (CAN)}, 
 month = Sep,
 year = 2005
}

%%%%%%%%%%%%%%%%%%%%%%%%%%%
% Peilong added for HPCA 14
%%%%%%%%%%%%%%%%%%%%%%%%%%%
@INPROCEEDINGS{CMP05, 
author={Li, J. and Martinez, J.F.}, 
booktitle={Performance Analysis of Systems and Software, 2005. ISPASS 2005. IEEE International Symposium on}, 
title={Power-Performance Implications of Thread-level Parallelism on Chip Multiprocessors}, 
year={2005}, 
pages={124-134}, 
keywords={multi-threading;parallel architectures;power consumption;system-on-chip;on chip multiprocessor;parallel code;power consumption;power-performance implication;thread-level parallelism;Analytical models;CMOS technology;Energy consumption;Equations;Frequency;Microprocessors;Parallel processing;Scalability;System-on-a-chip;Voltage}, 
doi={10.1109/ISPASS.2005.1430567},}

@INPROCEEDINGS{GPUFPGA, 
author={Shuai Che and Jie Li and Sheaffer, J.W. and Skadron, K. and Lach, J.}, 
booktitle={Application Specific Processors, 2008. SASP 2008. Symposium on}, 
title={Accelerating Compute-Intensive Applications with GPUs and FPGAs}, 
year={2008}, 
pages={101-107}, 
keywords={Gaussian processes;coprocessors;cryptography;field programmable gate arrays;middleware;multiprocessing systems;FPGA;GPU;Gaussian elimination;Needleman-Wunsch;accelerator platform mapping;application-to-accelerator mapping;architectural design;code complexity;compute-intensive applications;data encryption standard;massive parallel execution resources;middleware support;multicore CPU system;programming style;Acceleration;Bandwidth;Computer applications;Costs;Cryptography;Field programmable gate arrays;Hardware;Middleware;Multicore processing;Process design}, 
doi={10.1109/SASP.2008.4570793},
}

@article{sensor,
Author = {Juan A., Gómez-Pulido and Miguel A., Vega-Rodríguez},
ISSN = {14248220},
Journal = {Sensors},
Number = {4},
Pages = {4820},
Title = {Advances in Sensors-Centric Microprocessors and System-on-Chip.},
URL = {http://www.mdpi.com/1424-8220/12/4/4820},
Year = {2012},
}

@ARTICLE{imageacc, 
author={Draper, B.A. and Beveridge, J.R. and Bohm, A. P W and Ross, C. and Chawathe, M.}, 
journal={Image Processing, IEEE Transactions on}, 
title={Accelerated image processing on FPGAs}, 
year={2003}, 
volume={12}, 
number={12}, 
pages={1543-1551}, 
keywords={C language;field programmable gate arrays;image processing;logic design;program compilers;0.18 micron;AMS WildStar board;Annapolis Microsystems WildStar board;Cameron project;Pentium III;Xilinx XV2000E FPGA;compiler;field programmable gate arrays;image processing;image-based applications;single assignment C;Acceleration;Application software;Field programmable gate arrays;Fingerprint recognition;Image processing;Military computing;Program processors;Programmable logic arrays;Table lookup;Wires}, 
doi={10.1109/TIP.2003.819226}, 
ISSN={1057-7149},
}

@ARTICLE{bioacc1, 
author={Herbordt, M.C. and VanCourt, T. and Yongfeng Gu and Sukhwani, B. and Conti, A. and Model, J. and DiSabello, D.}, 
journal={Computer}, 
title={Achieving High Performance with FPGA-Based Computing}, 
year={2007}, 
volume={40}, 
number={3}, 
pages={50-57}, 
keywords={field programmable gate arrays;logic CAD;FPGA-based computing;design technique;field-programmable gate array;high performance computing;Acceleration;Application software;Arithmetic;Biology computing;Computer architecture;Field programmable gate arrays;Hardware;High performance computing;Libraries;Programming profession;FPGAs;High-performance computing;reconfigurable computing}, 
doi={10.1109/MC.2007.79}, 
ISSN={0018-9162},
}

@INPROCEEDINGS{bioacc2, 
author={Bakos, J.D.}, 
booktitle={Field-Programmable Custom Computing Machines, 2007. FCCM 2007. 15th Annual IEEE Symposium on}, 
title={FPGA Acceleration of Gene Rearrangement Analysis}, 
year={2007}, 
pages={85-94}, 
keywords={biology computing;combinatorial mathematics;field programmable gate arrays;genetics;logic design;optimisation;FPGA core design;comparative genomics;computational biology;gene rearrangement analysis;hardware acceleration;maximum-parsimony phylogenies reconstruction;nonarithmetic combinatorial optimization algorithm;phylogenetic reconstruction;systematic biology;Acceleration;Bioinformatics;Biological control systems;Computational biology;Field programmable gate arrays;Genomics;Hardware;Performance analysis;Phylogeny;Systematics}, 
doi={10.1109/FCCM.2007.8},
}

@INPROCEEDINGS{encryptionacc, 
author={Nakano, K. and Kawakami, K. and Shigemoto, K.}, 
booktitle={Parallel Distributed Processing, 2009. IPDPS 2009. IEEE International Symposium on}, 
title={RSA encryption and decryption using the redundant number system on the FPGA}, 
year={2009}, 
pages={1-8}, 
keywords={field programmable gate arrays;multiplying circuits;public key cryptography;random-access storage;FPGA;Montgomery modulo multiplication;RSA encryption;Xilinx VirtexII Pro family;clock cycles;decryption;embedded multiplier;k-bit block RAM;modulo exponentiation hardware algorithm;redundant number system;Acceleration;Added delay;Adders;Arithmetic;Circuits;Clocks;Cryptography;Delay effects;Field programmable gate arrays;Hardware}, 
doi={10.1109/IPDPS.2009.5160883}, 
ISSN={1530-2075},
}

@INPROCEEDINGS{naviacc, 
 author={Cong, J. and Grigorian, B. and Reinman, G. and Vitanza, M.}, 
 booktitle={Application-Specific Systems, Architectures and Processors (ASAP), 2011 IEEE International Conference on}, 
 title={Accelerating vision and navigation applications on a customizable platform}, 
 year={2011}, 
 pages={25-32}, 
 keywords={SLAM (robots);dynamic programming;field programmable gate arrays;C-to-RTL tools;SLAM;chip multiprocessor;dynamic-programming-  based methodology;energy consumption;feature tracking;field-programmable gate array;navigation application;simultaneous localization and mapping;through-silicon vias;vision application;Acceleration;Benchmark testing;Feature extraction;Field programmable gate arrays;Jacobian matrices;Navigation;Real time systems;FPGA;accelerators;customizable architecture;low-energy;navigation;real-time;vision}, 
 doi={10.1109/ASAP.2011.6043233}, 
 ISSN={2160-0511},
}

@INPROCEEDINGS{accrich, 
 author={Cong, J. and Ghodrat, M.A. and Gill, M. and Grigorian, B. and Reinman, G.}, 
 booktitle={Design Automation Conference (DAC), 2012 49th ACM/EDAC/IEEE}, 
 title={Architecture support for accelerator-rich CMPs}, 
 year={2012}, 
 pages={843-849}, 
 keywords={interrupts;microprocessor chips;ARC architecture;OS overhead reduction;accelerator sharing;accelerator-rich CMP;architecture support;chip multiprocessor;energy improvement;hardware architectural support;hardware resource management scheme;hardware-based arbitration mechanism;interrupt handling;light-weight interrupt system;multiple core;simulation tool-chain;virtual accelerator;Acceleration;Computer architecture;Delay;Hardware;Message systems;Software;System-on-a-chip;Accelerator Sharing;Accelerator Virtualization;Chip multiprocessor;Hardware Accelerators},
 ISSN={0738-100X},
}

@INPROCEEDINGS{GPUlimit1, 
author={He, Bingsheng and Govindaraju, N.K. and Qiong Luo and Smith, B.}, 
booktitle={Supercomputing, 2007. SC '07. Proceedings of the 2007 ACM/IEEE Conference on}, 
title={Efficient gather and scatter operations on graphics processors}, 
year={2007}, 
pages={1-12}, 
keywords={Aggregates;Bandwidth;Computer architecture;Computer science;Data engineering;Delay;Graphics;Large-scale systems;Robustness;Scattering;cache optimization;gather;graphics processors;parallel processing;scatter}, 
doi={10.1145/1362622.1362684},
}

@inproceedings{GPUlimit2,
 author = {Vuduc, Richard and Chandramowlishwaran, Aparna and Choi, Jee and Guney, Murat and Shringarpure, Aashay},
 title = {On the limits of GPU acceleration},
 booktitle = {Proceedings of the 2nd USENIX conference on Hot topics in parallelism},
 series = {HotPar'10},
 year = {2010},
 location = {Berkeley, CA},
 pages = {13--13},
 numpages = {1},
 url = {http://dl.acm.org/citation.cfm?id=1863086.1863099},
 acmid = {1863099},
 publisher = {USENIX Association},
 address = {Berkeley, CA, USA},
} 

@article{microsoft06,
 author = {Tarditi, David and Puri, Sidd and Oglesby, Jose},
 title = {Accelerator: using data parallelism to program GPUs for general-purpose uses},
 journal = {SIGARCH Comput. Archit. News},
 issue_date = {December 2006},
 volume = {34},
 number = {5},
 month = oct,
 year = {2006},
 issn = {0163-5964},
 pages = {325--335},
 numpages = {11},
 url = {http://doi.acm.org/10.1145/1168919.1168898},
 doi = {10.1145/1168919.1168898},
 acmid = {1168898},
 publisher = {ACM},
 address = {New York, NY, USA},
 keywords = {data parallelism, graphics processing units, just-in time compilation},
} 

@article{soc11,
author = {LaBroad, Jonathan and Luo, Yan and Chalamalasetti, Sairahul and Ficarra, Timothy and Margala, Martin},
title = {{Reconfigurable Logic Accelerated Heterogeneous Multicore Architecture for Dynamic Workloads}},
year = {2012},
pages = {1--5},
month = jan
}

@article{CloudWorkload,
author = {Mishra, Asit K and Hellerstein, Joseph L and Cirne, Walfredo and Das, Chita R},
title = {{Towards characterizing cloud backend workloads: insights from google compute clusters}},
journal = {ACM SIGMETRICS Performance Evaluation Review},
year = {2010},
volume = {37},
number = {4},
pages = {34--41}
}

@misc{accstore,
 title = {Open-Source Accelerator Store},
 url = {http://cadlab.cs.ucla.edu/accelerator_store.html}
}

@misc{vtune,
 title = {Intel VTune Amplifier XE 2013},
 url ={http://software.intel.com/en-us/intel-vtune-amplifier-xe}
 }
 
@article{mcpat,
author = {Li, Sheng and Ahn, Jung Ho and Strong, R D and Brockman, J B and Tullsen, D M and Jouppi, N P},
title = {{McPAT: An integrated power, area, and timing modeling framework for multicore and manycore architectures}},
journal = {Microarchitecture, 2009. MICRO-42. 42nd Annual IEEE/ACM International Symposium on},
year = {2009},
pages = {469--480}
}

@article{hochbaum88,
 author = {Hochbaum, D. S. and Shmoys, D. B. },
 title = {{A polynomial approximation scheme for machine scheduling on uniform processors: using the dual approach}},
 journal = {SIAM J. Comp.},
 volume = 17, 
 pages = {539-551},
 year = 1988
}

@misc{xpe,
 title = {Xilinx Power Estimator},
 url = {http://www.xilinx.com/products/design_tools/logic_design/xpe.htm}
}

@misc{openssl,
 title = {Openssl Project Website},
 url = {http://www.openssl.org}
}

@misc{crc-wiki,
 title = {Cyclic redundancy check wiki},
 url = {http://en.wikipedia.org/wiki/Cyclic_redundancy_check}
}

@misc{jpeg-wiki,
 title = {JPEG encoding wiki},
 url = {http://en.wikipedia.org/wiki/JPEG_encoding#Encoding}
}


@misc {jacobi-wiki,
 title = {Jacobi eigenvalue algorithm wiki},
 url = {http://en.wikipedia.org/wiki/Jacobi_eigenvalue_algorithm}
}

@misc {dct-wiki,
 title = {Discrete cosine transform wiki},
 url = {http://en.wikipedia.org/wiki/Discrete_cosine_transform}
}

@misc{openslam,
 title = {OpenSLAM robot vision community},
 url ={http://www.openslam.org/robotvision.html}
}

@misc{opencv,
 title = {OpenCV official website},
 url = {http://opencv.org/}
}

@misc {smithwaterman-wiki,
 title = {Smith-Waterman algorithm wiki},
 url = {http://en.wikipedia.org/wiki/Smith%E2%80%93Waterman_algorithm} 
}

@misc {segmentation-wiki,
 title = {Image segmentation wiki},
 url = {http://en.wikipedia.org/wiki/Image_segmentation}
}

@misc{microsoftemail,
 title = {Microsoft Email Encryption Method},
 url = {http://office.microsoft.com/en-us/outlook-help/encrypt-e-mail-messages-HP001230536.aspx}
}

@INPROCEEDINGS{jacobifpga, 
author={Bravo, I. and Jimenez, P. and Mazo, M. and Lazaro, J.L. and Gardel, A.}, 
booktitle={Field Programmable Logic and Applications, 2006. FPL '06. International Conference on}, 
title={Implementation in Fpgas of Jacobi Method to Solve the Eigenvalue and Eigenvector Problem}, 
year={2006}, 
pages={1-4}, 
keywords={eigenvalues and eigenfunctions;field programmable gate arrays;hardware description languages;parallel architectures;CORDIC algorithm;FPGA;Jacobi method;VHDL language;eigenvalue problem;eigenvectors;parallel CORDIC architecture;trigonometric operations;Computer architecture;Concurrent computing;Eigenvalues and eigenfunctions;Field programmable gate arrays;Jacobian matrices;Matrix decomposition;Principal component analysis;Signal processing algorithms;Symmetric matrices;Systolic arrays}, 
doi={10.1109/FPL.2006.311301},}

@inproceedings{congvision,
author = {Cong, J and Grigorian, B and Reinman, G and Vitanza, M},
title = {{Accelerating vision and navigation applications on a customizable platform}},
booktitle = {Application-Specific Systems, Architectures and Processors (ASAP), 2011 IEEE International Conference on},
year = {2011},
pages = {25--32}
}

@misc{itk,
 title = {Insight Segmentation and Registration Toolkit (ITK)},
 url ={http://www.itk.org}
 }

@incollection{FPGASW,
year={2011},
isbn={978-3-642-19474-0},
booktitle={Reconfigurable Computing: Architectures, Tools and Applications},
volume={6578},
series={Lecture Notes in Computer Science},
editor={Koch, Andreas and Krishnamurthy, Ram and McAllister, John and Woods, Roger and El-Ghazawi, Tarek},
doi={10.1007/978-3-642-19475-7_20},
title={FPGA-Based Smith-Waterman Algorithm: Analysis and Novel Design},
url={http://dx.doi.org/10.1007/978-3-642-19475-7_20},
publisher={Springer Berlin Heidelberg},
keywords={Performance comparison; dynamic programming},
author={Yamaguchi, Yoshiki and Tsoi, HungKuen and Luk, Wayne},
pages={181-192}
}

@incollection{GPUSW,
year={2006},
isbn={978-3-540-34385-1},
booktitle={Computational Science – ICCS 2006},
volume={3994},
series={Lecture Notes in Computer Science},
editor={Alexandrov, VassilN. and Albada, GeertDick and Sloot, PeterM.A. and Dongarra, Jack},
doi={10.1007/11758549_29},
title={GPU Accelerated Smith-Waterman},
url={http://dx.doi.org/10.1007/11758549_29},
publisher={Springer Berlin Heidelberg},
author={Liu, Yang and Huang, Wayne and Johnson, John and Vaidya, Sheila},
pages={188-195}
}

@article{Manavski:2008cc,
author = {Manavski, Svetlin A and Valle, Giorgio},
title = {{CUDA compatible GPU cards as efficient hardware accelerators for Smith-Waterman sequence alignment}},
journal = {BMC Bioinformatics},
year = {2008},
volume = {9},
number = {Suppl 2},
pages = {S10}
}

@misc{HPG-SW-wiki,
	title = {High Performance Genomics (HPG) - Smith-Waterman Project},
	url = {http://docs.bioinfo.cipf.es/projects/hpg-sw/wiki}
}

@article{HPG-2013,
	title = {Multicore and Cloud-Based Solutions for Genomic Variant Analysis},
	journal = {Euro-Par 2012: Parallel Processing Workshops},
	volume = {7640},
	year = {2013},
	month = {2013},
	chapter = {273},
	abstract = {Genomic variant analysis is a complex process that allows to find and study genome mutations. For this purpose, analysis and tests from both biological and statistical points of view must be conducted. Biological data for this kind of analysis are typically stored according to the Variant Call Format (VCF), in gigabytes-sized files that cannot be efficiently processed using conventional software.

In this paper, we introduce part of the High Performance Genomics (HPG) project, whose goal is to develop a collection of efficient and open-source software applications for the genomics area. The paper is mainly focused on HPG Variant, a suite that allows to get the effect of mutations and to conduct genomic-wide and family-based analysis, using a multi-tier architecture based on CellBase Database and a RESTful web service API. Two user clients are also provided: an HTML5 web client and a command-line interface, both using a back-end parallelized using OpenMP. Along with HPG Variant, a library for VCF files handling and a collection of utilities for VCF files preprocessing have been developed.
Positive performance results are shown in comparison with other applications such as PLINK, GenABEL, SNPTEST or VCFtools.},
	keywords = {genomic variant analysis, Multicore, Mutation, OpenMP, web service},
	isbn = {978-3-642-36948-3},
	issn = {0302-9743},
	doi = {10.1007/978-3-642-36949-0_30},
	url = {http://rd.springer.com/chapter/10.1007/978-3-642-36949-0_30},
	author = {Cristina Y. Gonz{\'a}lez and Bleda, Marta and Salavert, Francisco and Rub{\'e}n Sanchez and Dopazo, Joaqu{\'\i}n and Medina, Ignacio}
}

@misc{BrainWeb,
	title = {BrainWeb: Simulated Brain Database},
	url = {http://brainweb.bic.mni.mcgill.ca/brainweb/selection_normal.html}
}

@inproceedings{Chung:2013:LBD:2485922.2485945,
 author = {Chung, Eric S. and Davis, John D. and Lee, Jaewon},
 title = {LINQits: Big Data on Little Clients},
 booktitle = {Proceedings of the 40th Annual International Symposium on Computer Architecture},
 series = {ISCA '13},
 year = {2013},
 isbn = {978-1-4503-2079-5},
 location = {Tel-Aviv, Israel},
 pages = {261--272},
 numpages = {12},
 url = {http://doi.acm.org/10.1145/2485922.2485945},
 doi = {10.1145/2485922.2485945},
 acmid = {2485945},
 publisher = {ACM},
 address = {New York, NY, USA},
 keywords = {ASIC, FPGA, big data, co-processor accelerator, database, mobile, query language},
} 

@article{Chung:2013:LBD:2508148.2485945,
 author = {Chung, Eric S. and Davis, John D. and Lee, Jaewon},
 title = {LINQits: Big Data on Little Clients},
 journal = {SIGARCH Comput. Archit. News},
 issue_date = {June 2013},
 volume = {41},
 number = {3},
 month = jun,
 year = {2013},
 issn = {0163-5964},
 pages = {261--272},
 numpages = {12},
 url = {http://doi.acm.org/10.1145/2508148.2485945},
 doi = {10.1145/2508148.2485945},
 acmid = {2485945},
 publisher = {ACM},
 address = {New York, NY, USA},
 keywords = {ASIC, FPGA, big data, co-processor accelerator, database, mobile, query language},
} 


@INPROCEEDINGS{soc-acc, 
author={Bellas, N. and Chai, S.M. and Dwyer, M. and Linzmeier, D.}, 
booktitle={Parallel and Distributed Processing Symposium, 2006. IPDPS 2006. 20th International}, 
title={FPGA implementation of a license plate recognition SoC using automatically generated streaming accelerators}, 
year={2006}, 
pages={8 pp.-}, 
keywords={field programmable gate arrays;system-on-chip;FPGA-based license plate recognition system;SoC;bus-based system on chip;embedded application;hardware accelerator;power dissipation reduction;streaming accelerator;Acceleration;Application software;Automation;Buildings;Field programmable gate arrays;Hardware;Law enforcement;Licenses;Power dissipation;System-on-a-chip}, 
doi={10.1109/IPDPS.2006.1639437},}

@misc{amazon-ec2,
 title = {Amazon Elastic Compute Cloud (Amazon EC2)},
 url = {http://aws.amazon.com/ec2/}
}

@inproceedings{Chen:2012jo,
author = {Chen, Yanpei and Alspaugh, Sara and Borthakur, Dhruba and Katz, Randy},
title = {{Energy efficiency for large-scale MapReduce workloads with significant interactive analysis}},
booktitle = {EuroSys '12: Proceedings of the 7th ACM european conference on Computer Systems},
year = {2012},
publisher = { ACM  Request Permissions},
month = apr
}

@INPROCEEDINGS{ec2-datamining, 
author={AbdelBaky, M. and Hyunjoo Kim and Rodero, I. and Parashar, M.}, 
booktitle={Cloud Computing (CLOUD), 2012 IEEE 5th International Conference on}, 
title={Accelerating MapReduce Analytics Using CometCloud}, 
year={2012}, 
pages={447-454}, 
keywords={biology computing;cloud computing;data analysis;data mining;proteins;scheduling;storage management;Amazon EC2 resources;MapReduce analytics acceleration;MapReduce task scheduling;MapReduce-CometCloud framework;MapReduce-Hadoop;Rutgers;autonomic manager;data storage;datacenters;heterogeneity issue;job execution;large-scale data analytics;local clusters;protein data bank;protein data mining application;public clouds;Cloud computing;Hardware;Monitoring;Programming;Proteins;Runtime;Schedules}, 
doi={10.1109/CLOUD.2012.150}, 
ISSN={2159-6182},}

@INPROCEEDINGS{ec2-dna, 
author={Kienzler, R. and Bruggmann, R. and Ranganathan, A. and Tatbul, N.}, 
booktitle={Data Engineering Workshops (ICDEW), 2012 IEEE 28th International Conference on}, 
title={Stream as You Go: The Case for Incremental Data Access and Processing in the Cloud}, 
year={2012}, 
pages={159-166}, 
keywords={DNA;cloud computing;DNA sequence analysis;cloud infrastructures;cloud processing;data Processing;data intensive applications;data transfer latency;incremental data access;incremental mapreduce frameworks;mapreduce based DNA sequence analysis;stream data management architecture;streams computing;Bioinformatics;DNA;Genomics;Sequences;Sorting}, 
doi={10.1109/ICDEW.2012.69},}

@INPROCEEDINGS{fpga-acc, 
author={Kapre, N. and DeHon, A.}, 
booktitle={Field-Programmable Technology (FPT), 2011 International Conference on}, 
title={VLIW-SCORE: Beyond C for sequential control of SPICE FPGA acceleration}, 
year={2011}, 
pages={1-9}, 
keywords={SPICE;circuit simulation;embedded systems;field programmable gate arrays;multiprocessing systems;parallel architectures;parallel programming;SPICE FPGA acceleration;SPICE circuit simulator;VLIW-SCORE;Xilinx Virtex-6 LX760 FPGA;co-ordination component;embedded soft core processor;hardware-software partitioning methodology;high-level parallel programming framework;host offchip CPU;hybrid VLIW hardware organization;off-the-shelf Xilinx Microblaze;parallel component;sequential control;simulation control algorithms;spatial FPGA fabric;spatial mapping flow;Computational modeling;Computer architecture;Field programmable gate arrays;Mathematical model;Runtime;SPICE;VLIW}, 
doi={10.1109/FPT.2011.6132678},}

@inproceedings{Young:2012gv,
author = {Young, J and Yalamanchili, S},
title = {{Commodity Converged Fabrics for Global Address Spaces in Accelerator Clouds}},
booktitle = {High Performance Computing and Communication {\&} 2012 IEEE 9th International Conference on Embedded Software and Systems (HPCC-ICESS), 2012 IEEE 14th International Conference on},
year = {2012},
pages = {303--310}
}

@INPROCEEDINGS{intel-gpu, 
author={Manavski, S.A.}, 
booktitle={Signal Processing and Communications, 2007. ICSPC 2007. IEEE International Conference on}, 
title={CUDA Compatible GPU as an Efficient Hardware Accelerator for AES Cryptography}, 
year={2007}, 
pages={65-68}, 
keywords={coprocessors;cryptography;AES cryptography;CUDA compatible GPU;Intel Pentium IV;Nvidia;OpenGL graphics API;advanced encryption standard algorithm;cryptographic accelerator;graphics processing units;hardware accelerator;symmetric key cryptographic solution;Acceleration;Central Processing Unit;Coprocessors;Cryptography;Graphics;Hardware;Pipeline processing;Signal processing;Signal processing algorithms;Throughput;Cryptography;Data security;Graphics}, 
doi={10.1109/ICSPC.2007.4728256},}

@misc{wikissl,
title = {Transport layer security and secure socket layer},
url ={http://en.wikipedia.org/wiki/Secure_Socket_Layer}
}

@misc{linkerstub,
title = {Dynamic linker - linker stub},
url = {http://en.wikipedia.org/wiki/Dynamic_linker}
}

@inproceedings{cong-saw11,
author = {Jason Cong and Mohammad Ghodrat and Michael Gill and Beayna Grigorian and Glenn Reinman},
title = {{AXR-CMP: Architecture Support in Accelerator-Rich CMPs}},
booktitle = {DAC '12: Proceedings of the 49th Annual Design Automation Conference},
year = {2011},
pages = {1--7}
}

@inproceedings{cong-islped12,
author = {Cong, Jason and Ghodrat, Mohammad Ali and Gill, Michael and Grigorian, Beayna and Reinman, Glenn},
title = {{CHARM: a composable heterogeneous accelerator-rich microprocessor}},
booktitle = {ISLPED '12: Proceedings of the 2012 ACM/IEEE international symposium on Low power electronics and design},
year = {2012},
publisher = { ACM},
month = jul
}

@inproceedings{Liu:2009ie,
author = {Liu, Ming and Kuehn, W and Lu, Zhonghai and Jantsch, A},
title = {{Run-time Partial Reconfiguration speed investigation and architectural design space exploration}},
booktitle = {Field Programmable Logic and Applications, 2009. FPL 2009. International Conference on},
year = {2009},
pages = {498--502}
}

@misc{opencores,
title = {OpenCores Community},
url = {http://www.opencores.org}
}

@inproceedings{Garcia:2008iy,
author = {Garcia, P and Compton, K},
title = {{Kernel sharing on reconfigurable multiprocessor systems}},
booktitle = {ICECE Technology, 2008. FPT 2008. International Conference on},
year = {2008},
pages = {225--232}
}

@inproceedings{Stillwell:2009if,
author = {Stillwell, P M and Chadha, V and Tickoo, O and Zhang, S and Illikkal, R and Iyer, R and Newell, D},
title = {{HiPPAI: High Performance Portable Accelerator Interface for SoCs}},
booktitle = {High Performance Computing (HiPC), 2009 International Conference on},
year = {2009},
pages = {109--118}
}

@inproceedings{Wang:2007bc,
author = {Wang, Perry H and Collins, Jamison D and Chinya, Gautham N and Jiang, Hong and Tian, Xinmin and Girkar, Milind and Yang, Nick Y and Lueh, Guei-Yuan and Wang, Hong},
title = {{EXOCHI: architecture and programming environment for a heterogeneous multi-core multithreaded system}},
booktitle = {PLDI '07: Proceedings of the 2007 ACM SIGPLAN conference on Programming language design and implementation},
year = {2007},
publisher = { ACM  Request Permissions},
month = jun
}

@misc{intel-qpi,
title = {An Introduction to Intel Quickpath Interconnect},
url = {http://www.intel.com/content/www/us/en/io/quickpath-technology/quick-path-interconnect-introduction-paper.html}
}

@misc {amd-hypertransport,
title = {AMD HyperTransport Technology},
url = {http://www.amd.com/uk/products/technologies/hypertransport-technology/Pages/hypertransport-technology.aspx}
}

@misc{design-reuse,
title = {Design and Reuse Website},
url = {http://www.design-reuse.com}
}

@misc{free-ip,
title = {Free IP Cores Website},
url = {http://www.asics.ws/fip_sub.html}
}

@misc{virtex6,
title = {Xilinx Virtex 6 Family FPGA},
url = {http://www.xilinx.com/products/silicon-devices/fpga/virtex-6/index.htm}
}

@misc{spartan3e,
title = {Spartan-3E FPGA Family Data Sheet},
url = {http://www.xilinx.com/support/documentation/data_sheets/ds312.pdf}
}

@misc {atom-spec,
title = {List of Intel Atom microprocessors},
url = {http://en.wikipedia.org/wiki/List_of_Intel_Atom_microprocessors}
}

@manual{PRUserGuide,
title = {Partial Reconfiguration User Guide},
organization = {XILINX Inc.},
edition = {UG702 (v 12.3)},
month = {May},
year = {2010}
}

@manual{PRWhitePaper,
title = {White Paper: Partial Reconfiguration of Xilinx FPGAs Using ISE Design Suite},
organization = {XILINX Inc.},
edition = {WP374 (v1.2)},
month = {May},
year = {2012}
}

@article{Hansen:2011dt,
author = {Hansen, S G and Koch, D and Torresen, J},
title = {{High Speed Partial Run-Time Reconfiguration Using Enhanced ICAP Hard Macro}},
journal = {Parallel and Distributed Processing Workshops and Phd Forum (IPDPSW), 2011 IEEE International Symposium on},
year = {2011},
pages = {174--180}
}

@inproceedings{McDonald:2008ec,
author = {McDonald, E J},
title = {{Runtime FPGA Partial Reconfiguration}},
booktitle = {Aerospace Conference, 2008 IEEE},
year = {2008},
pages = {1--7}
}

@article{Ulmer:2005vh,
author = {Ulmer, Craig and Hilles, Ryan and Thompson, David},
title = {{Reconfigurable computing aspects of the cray xd1}},
journal = {Proceedings of the CUG 2005},
year = {2005}
}

@inproceedings{Huang:2009hs,
author = {Huang, Chen and Vahid, Frank},
title = {{Transmuting coprocessors: dynamic loading of FPGA coprocessors}},
booktitle = {DAC '09: Proceedings of the 46th Annual Design Automation Conference},
year = {2009},
pages = {848--851},
publisher = { ACM  Request Permissions},
month = jul
}

@inproceedings{Mignolet:2003gr,
author = {Mignolet, J Y and Nollet, V and Coene, P and Verkest, D and Vernalde, S and Lauwereins, R},
title = {{Infrastructure for design and management of relocatable tasks in a heterogeneous reconfigurable system-on-chip}},
booktitle = {Design, Automation and Test in Europe Conference and Exhibition, 2003},
year = {2003},
pages = {986--991},
publisher = { IEEE Computer Society}
}

@article{Govindaraju:2012fn,
author = {Govindaraju, V and Ho, Chen-Han and Nowatzki, T and Chhugani, J and Satish, N and Sankaralingam, K and Kim, Changkyu},
title = {{DySER: Unifying Functionality and Parallelism Specialization for Energy-Efficient Computing}},
journal = {Micro, IEEE},
year = {2012},
volume = {32},
number = {5},
pages = {38--51}
}

@INPROCEEDINGS{Govindaraju:HPCA11, 
author={Govindaraju, V. and Chen-Han Ho and Sankaralingam, K.}, 
booktitle={High Performance Computer Architecture (HPCA), 2011 IEEE 17th International Symposium on}, 
title={Dynamically Specialized Datapaths for energy efficient computing}, 
year={2011}, 
month={Feb}, 
pages={503-514},
ISSN={1530-0897},}

@INPROCEEDINGS{Garp:1997, 
author={Hauser, J.R. and Wawrzynek, J.}, 
booktitle={Field-Programmable Custom Computing Machines, 1997. Proceedings., The 5th Annual IEEE Symposium on}, 
title={Garp: a MIPS processor with a reconfigurable coprocessor}, 
year={1997}, 
month={Apr}, 
pages={12-21}, 
doi={10.1109/FPGA.1997.624600},}

@ARTICLE{Garp:2000, 
author={Callahan, T.J. and Hauser, J.R. and Wawrzynek, J.}, 
journal={Computer}, 
title={The Garp architecture and C compiler}, 
year={2000}, 
month={Apr}, 
volume={33}, 
number={4}, 
pages={62-69},
ISSN={0018-9162},}

@article{Benini:uc,
author = {Benini, M L},
title = {{Optimizing DMA Data Transfers for Embedded Multi-Cores}}

}

@article{Saidi:2012,
 author = {Saidi, Selma and Tendulkar, Pranav and Lepley, Thierry and Maler, Oded},
 title = {Optimizing Explicit Data Transfers for Data Parallel Applications on the Cell Architecture},
 journal = {ACM Trans. Archit. Code Optim.},
 issue_date = {January 2012},
 volume = {8},
 number = {4},
 month = jan,
 year = {2012},
 issn = {1544-3566},
 pages = {37:1--37:20},
 articleno = {37},
 numpages = {20},
 url = {http://doi.acm.org/10.1145/2086696.2086716},
 doi = {10.1145/2086696.2086716},
 acmid = {2086716},
 publisher = {ACM},
 address = {New York, NY, USA},
 keywords = {Cell B.E., Data parallelization, direct memory access (DMA), double buffering},
} 

@article{Venkatesh:2010:CCR:1735970.1736044,
 author = {Venkatesh, Ganesh and Sampson, Jack and Goulding, Nathan and Garcia, Saturnino and Bryksin, Vladyslav and Lugo-Martinez, Jose and Swanson, Steven and Taylor, Michael Bedford},
 title = {Conservation Cores: Reducing the Energy of Mature Computations},
 journal = {SIGARCH Comput. Archit. News},
 issue_date = {March 2010},
 volume = {38},
 number = {1},
 month = mar,
 year = {2010},
 issn = {0163-5964},
 pages = {205--218},
 numpages = {14},
 url = {http://doi.acm.org/10.1145/1735970.1736044},
 doi = {10.1145/1735970.1736044},
 acmid = {1736044},
 publisher = {ACM},
 address = {New York, NY, USA},
 keywords = {conservation core, heterogeneous many-core, patching, utilization wall},
} 

@inproceedings{Venkatesh:2010:CCR:1736020.1736044,
 author = {Venkatesh, Ganesh and Sampson, Jack and Goulding, Nathan and Garcia, Saturnino and Bryksin, Vladyslav and Lugo-Martinez, Jose and Swanson, Steven and Taylor, Michael Bedford},
 title = {Conservation Cores: Reducing the Energy of Mature Computations},
 booktitle = {Proceedings of the Fifteenth Edition of ASPLOS on Architectural Support for Programming Languages and Operating Systems},
 series = {ASPLOS XV},
 year = {2010},
 isbn = {978-1-60558-839-1},
 location = {Pittsburgh, Pennsylvania, USA},
 pages = {205--218},
 numpages = {14},
 url = {http://doi.acm.org/10.1145/1736020.1736044},
 doi = {10.1145/1736020.1736044},
 acmid = {1736044},
 publisher = {ACM},
 address = {New York, NY, USA},
 keywords = {conservation core, heterogeneous many-core, patching, utilization wall},
} 

@article{Venkatesh:2010:CCR:1735971.1736044,
 author = {Venkatesh, Ganesh and Sampson, Jack and Goulding, Nathan and Garcia, Saturnino and Bryksin, Vladyslav and Lugo-Martinez, Jose and Swanson, Steven and Taylor, Michael Bedford},
 title = {Conservation Cores: Reducing the Energy of Mature Computations},
 journal = {SIGPLAN Not.},
 issue_date = {March 2010},
 volume = {45},
 number = {3},
 month = mar,
 year = {2010},
 issn = {0362-1340},
 pages = {205--218},
 numpages = {14},
 url = {http://doi.acm.org/10.1145/1735971.1736044},
 doi = {10.1145/1735971.1736044},
 acmid = {1736044},
 publisher = {ACM},
 address = {New York, NY, USA},
 keywords = {conservation core, heterogeneous many-core, patching, utilization wall},
} 




